@article{Prueba123,
	author = {Renesas},
	year = {2014},
	month = {12},
	pages = {},
	title = {HIP4081A, 80V High Frequency H-Bridge Driver. AN9405. Rev 6.00.},
	volume = {},
	journal = {},
	doi = {}
}

@misc{Noticia1,
	author = {Osorio, Mauro},
	title = {La flota circulante de Argentina creció 30{\%} en 6 años},
	year = {2018},
	howpublished = "url {http://www.carsdrive.com.ar/noticias/novedades/la-flota-circulante-de-argentina-crecio-30-en-6-anos/}",
	note = {Online; último acceso: 06 Agosto 2019}
}

@misc{Noticia2,
	author = {Murciego, Leandro},
	title = {Cocheras: todo lo que hay que saber antes de invertir},
	year = {2019},
	howpublished = "url {https://www.lanacion.com.ar/propiedades/cocheras-todo-lo-hay-saber-antes-invertir-nid2224897}",
	note = {Online; último acceso: 06 Agosto 2019}
}
                    
@misc{Bahit,
	author = {Bahit, Eugenia},
	year = {2011},
	edition = {},
	pages = {},
	title = {Scrum y Extreme Programming para programadores}
}

@misc{ApunteWingu,
	author = {Wingu},
	title = {Manual de Metodologías Ágiles},
	year = {2016},
	howpublished = "url {https://www.winguweb.org/capacitacion/manual-de-metodologias-agiles}",
	note = {Online; último acceso: 06 Agosto 2019}
}

@inproceedings{TRA-147,
	author = {Moretti, Ignacio and Jorge, Javier and Amado, José and Caniglia, Cristian and Puntillo, Daniel},
	year = {2016},
	month = {08},
	pages = {},
	title = {Software libre para reconocimiento automático de las nuevas patentes del Mercosur}
}

@article{0a392c343021f65fa374375e148cb5770a88,
	author = {Patel, Chirag and Shah, D. and Patel, Atul},
	year = {2013},
	month = {05},
	pages = {},
	title = {Automatic Number Plate Recognition System (ANPR): A Survey},
	volume = {69},
	journal = {International Journal of Computer Applications (IJCA)},
	doi = {10.5120/11871-7665}
}

@ARTICLE{13EM9,
	author={S. {Du} and M. {Ibrahim} and M. {Shehata} and W. {Badawy}},
	journal={IEEE Transactions on Circuits and Systems for Video Technology},
	title={Automatic License Plate Recognition (ALPR): A State-of-the-Art Review},
	year={2013},
	volume={23},
	number={2},
	pages={311-325},
	keywords={image recognition;image sequences;road traffic;traffic engineering computing;automatic license plate recognition;ALPR;vehicle license plate information;image sequence;black-and-white camera;infrared camera;color background;traffic surveillance;Licenses;Image color analysis;Feature extraction;Image edge detection;Vehicles;Lighting;Character recognition;Automatic license plate recognition (ALPR);automatic number plate recognition (ANPR);car plate recognition (CPR);optical character recognition (OCR) for cars},
	doi={10.1109/TCSVT.2012.2203741},
	ISSN={1558-2205},
	month={Feb},
}

@article{LicensePlates2018,
	author = {Agbemenu, Andrew and Yankey, Jepthah and O., Ernest},
	year = {2018},
	month = {05},
	pages = {1-5},
	title = {An Automatic Number Plate Recognition System using OpenCV and Tesseract OCR Engine},
	volume = {180},
	journal = {International Journal of Computer Applications},
	doi = {10.5120/ijca2018917150}
}

@misc{2011-Reconocimiento_automatico_de_numero_de_patente,
	author = {J.C. Cuttitta, G. De Giovanni and A.N. Campos},
	year = {2011},
	title = {Reconocimiento Automático de Número de Patente},
	pages = {},
	volume = {},
	journal = {},
	doi = {}
}

@misc{anprInt,
	author = {ANPR International},
	title = {HISTORY OF ANPR},
	howpublished = "url {http://www.anpr-international.com/history-of-anpr/}",
	note = {Online; último acceso: 05 Noviembre 2019}
}

@article{UCC4791_01,
	author = {Carvajal Ahumada, Bastián Nicolás},
	year = {2018},
	month = {03},
	pages = {},
	title = {Reconocimiento Fotográfico de Patentes},
	volume = {},
	journal = {},
	doi = {},
 	note = {PONTIFICIA UNIVERSIDAD CATÓLICA DE VALPARAÍSO, FACULTAD DE INGENIERÍA, ESCUELA DE INGENIERÍA INFORMÁTICA}
}

@unknown{Image_Binarization_using_Otsu_Thresholdi,
	author = {Yousefi, Jamileh},
	year = {2015},
	month = {05},
	pages = {},
	title = {Image Binarization using Otsu Thresholding Algorithm},
	doi = {10.13140/RG.2.1.4758.9284}
}

@article{wolf2004,
	author = {Wolf, Christian and Jolion, Jean-Michel},
	year = {2004},
	month = {02},
	pages = {309-326},
	title = {Extraction and Recognition of Artificial Text in Multimedia Documents},
	volume = {6},
	journal = {Formal Pattern Analysis \& Applications},
	doi = {10.1007/s10044-003-0197-7}
}

@inproceedings{adaptive-document-binarization,
	author = {Sauvola, Jaakko and Seppänen, Tapio and Haapakoski, Sami and Pietikäinen, Matti},
	year = {1997},
	month = {09},
	pages = {147-152 vol.1},
	title = {Adaptive Document Binarization.},
	volume = {33},
	isbn = {0-8186-7898-4},
	journal = {Pattern Recognition},
	doi = {10.1109/ICDAR.1997.619831}
}

@misc{anyline,
	author = {ANYLINE},
	title = {Your Smartphone as License Plate Scanner},
	howpublished = "url {https://anyline.com/products/scan-license-plates/}",
	note = {Online; último acceso: 02 febrero 2020}
}

@misc{plate-recognizer,
	author = {PLATE RECONGNIZER},
	title = {Accurate, Fast, Developer-Friendly ANPR},
	howpublished = "url {https://platerecognizer.com/}",
	note = {Online; último acceso: 02 febrero 2020}
}

@misc{openalpr,
	author = {OPENALPR},
	title = {Automatic license plate recognition},
	howpublished = "url {http://www.openalpr.com/}",
	note = {Online; último acceso: 02 febrero 2020}
}

@misc{opencv3,
	author = {Chris Dhams},
	title = {OpenCV 3 License Plate Recognition},
	howpublished = "url {https://tinyurl.com/qplgw4q}",
	note = {Online; último acceso: 02 febrero 2020}
}

@misc{opencv3KNN,
	author = {Chris Dhams},
	title = {OpenCV 3 KNN Character Recognition},
	howpublished = "url  {https://tinyurl.com/tgzd2ww}",
	note = {Online; último acceso: 07 febrero 2020}
}

@misc{openalprfree,
	author = {},
	title = {Open ALPR},
	howpublished = "url {https://github.com/openalpr/openalpr}",
	note = {Online; último acceso: 02 febrero 2020}
}

@misc{libreriaopencv,
	author = {},
	title = {Open ALPR},
	howpublished = "url {https://opencv.org/}",
	note = {Online; último acceso: 07 febrero 2020}
}

@misc{MEMORIA-ARCEARROYO,
	author = {Arce Arroyo, Alberto},
	year = {2016},
	month = {07},
	pages = {6-9},
	title = {Visión Artificial de Documentos.}
}

@misc{openalprdoc,
	author = {},
	title = {OpenALPR Documentation},
	howpublished = "url {http://doc.openalpr.com/index.html}",
	note = {Online; último acceso: 07 febrero 2020}
}

@misc{tesseractdoc,
	author = {},
	title = {Tesseract OCR},
	howpublished = "url {https://opensource.google/projects/tesseract}",
	note = {Online; último acceso: 07 febrero 2020}
}

@misc{developersguide,
	author = {},
	title = {Developers Guide},
	howpublished = "url {https://tinyurl.com/rsrlmc5}",
	note = {Online; último acceso: 07 febrero 2020}
}

@ARTICLE{dong-chenhe1990,
	author={ {Dong-chen He} and {Li Wang}},
	journal={IEEE Transactions on Geoscience and Remote Sensing},
	title={Texture Unit, Texture Spectrum, And Texture Analysis},
	year={1990},
	volume={28},
	number={4},
	pages={509-512},
	keywords={Image texture analysis;Remote sensing;Image analysis;Spatial resolution;Satellites;Statistical analysis;Pixel;Image processing;Image classification},
	doi={10.1109/TGRS.1990.572934},
	ISSN={1558-0644},
	month={July},
}

@article{WANG1990,
	title = "Texture classification using texture spectrum",
	journal = "Pattern Recognition",
	volume = "23",
	number = "8",
	pages = "905 - 910",
	year = "1990",
	issn = "0031-3203",
	doi = "https://doi.org/10.1016/0031-3203(90)90135-8",
	url = "http://www.sciencedirect.com/science/article/pii/0031320390901358",
	author = "Li Wang and Dong-Chen He",
	keywords = "Texture analysis, Texture Unit, Texture Spectrum, Classification, Pattern recognition, Brodatz",
	abstract = "Pursuing our previous study where the Texture Spectrum method has been proposed for texture analysis, the purpose of this paper is to demonstrate the usefulness of the Texture Spectrum for texture classification. Promising results are obtained when applying the Texture Spectrum to classify four of Brodatz's natural images."
}

@misc{FULLTEXT01,
	author = {Lindahl, Tobias},
	institution = {Linköping University, Department of Science and Technology},
	pages = {41},
	publisher = {Institutionen för teknik och naturvetenskap},
	school = {Linköping University, Department of Science and Technology},
	title = {Study of Local Binary Patterns},
	keywords = {local binary pattern, demosaic interpolation, image processing, machine learning},
	abstract = {This Masters thesis studies the concept of local binary patterns, which describe the neighbourhood of a pixel in a digital image by binary derivatives. The operator is often used in texture analysis and has been successfully used in facial recognition. This thesis suggests two methods based on some basic ideas of Björn Kruse and studies of literature on the subject. The first suggested method presented is an algorithm which reproduces images from their local binary patterns by a kind of integration of the binary derivatives. This method is a way to prove the preservation of information. The second suggested method is a technique of interpolating missing pixels in a single CCD camera based on local binary patterns and machine learning. The algorithm has shown some very promising results even though in its current form it does not keep up with the best algorithms of today. },
	year = {2007}
}

@misc{caracpat1,
	author = {},
	title = {Las patentes se renuevan},
	howpublished = "url {https://tinyurl.com/rqau287}",
	note = {Online; último acceso: 02 octubre 2019}
}

@misc{caracpat2,
	author = {},
	title = {1995-2016: todas iguales},
	howpublished = "url {https://tinyurl.com/v9zqcsz}",
	note = {Online; último acceso: 02 octubre 2019}
}

@misc{Res-33-14-PATNT-MERCOSUR,
	author = {},
	year = {2014},
	month = {08},
	pages = {3-4},
	title = {REGLAMENTACION PATENTE UNICA DEL MERCOSUR}
}

@misc{fallaspat,
	author = {},
	title = {Detectan fallas de fabricación en las nuevas patentes y recomiendan cambiarlas},
	howpublished = "url {https://tinyurl.com/w4e8479}",
	note = {Online; último acceso: 08 febrero 2020}
}

@misc{openalprapi,
	author = {},
	title = {Open ALPR API},
	howpublished = "url {http://doc.openalpr.com/api.html}",
	note = {Online; último acceso: 08 febrero 2020}
}

@misc{atmega328p,
	author = {},
	title = {ATmega 328 P},
	howpublished = "url {https://www.alldatasheet.com/datasheet-pdf/pdf/313656/ATMEL/ATmega328P.html}",
	note = {Online; último acceso: 10 febrero 2020}
}

@misc{modwifi,
	author = {},
	title = {ESP-01 WiFi Module},
	howpublished = "url {http://www.microchip.ua/wireless/esp01.pdf}",
	note = {Online; último acceso: 10 febrero 2020}
}

@misc{kinouwell,
	author = {KinouWell},
	title = {Off Street Parking Solution},
	howpublished = "url {https://www.kinouwellparking.com/solutions/off-street-parking-system/}",
	note = {Online; último acceso: 22 febrero 2020}
}

@misc{pipstechnology,
	author = {},
	title = {PIPS Technology ALPR},
	howpublished = "url {http://www.pipstechnology.com/es/soluciones-alpr/}",
	note = {Online; último acceso: 09 marzo 2020}
}

@misc{genetec,
	author = {},
	title = {Genetec ALPR},
	howpublished = "url {https://www.genetec.com/es/soluciones/productos/autovu}",
	note = {Online; último acceso: 09 marzo 2020}
}

@misc{neurallabs,
	author = {},
	title = {VPAR – Librería de reconocimiento de patentes},
	howpublished = "url {http://www.neurallabs.net/es\_AR/sistemas-ocr/lector-matriculas}",
	note = {Online; último acceso: 09 marzo 2020}
}

@misc{visart,
	author = {},
	title = {ESPECIFICACIONES LPR VISART-VISIONDEPATENTES},
	howpublished = "url {http://visart.com.ar/especificaciones-lpr-anpr/}",
	note = {Online; último acceso: 09 marzo 2020}
}

@article{navacerrada,
	author = {Navacerrada, Jorge},
	year = {2017},
	month = {10},
	pages = {},
	title = {Sistema de detección de matrículas con Open CV},
	volume = {},
	journal = {},
	doi = {}
}

@article{lbpalgoritmo,
	author = {Ramón-Balmaseda, Enrique},
	year = {2011},
	month = {12},
	pages = {},
	title = {Transformaciones basadas en el algoritmo Local Binary Pattern de imágenes capturadas con la Kinect para clasificación facial}
}

@misc{imglbp,
	author = {},
	title = {LBP y ULBP – Local Binary Patterns y Uniform Local Binary Patterns},
	howpublished = "url {https://tinyurl.com/txfflkq}",
	note = {Online; último acceso: 09 marzo 2020}
}

@article{revistaiberoamericana,
	author = {Molina, Edgar and Diaz, Julia and Hidalgo-Silva, Hugo and Chávez, Edgar},
	year = {2017},
	month = {11},
	pages = {},
	title = {Algoritmos de Binarización Robusta de Imágenes con Iluminación No Uniforme},
	journal = {Revista Iberoamericana de Automática e Informática industrial},
	doi = {10.4995/riai.2017.8847}
}

@inproceedings{rmagro,
	title={Binarizaci{\'o}n de im{\'a}genes digitales y su algoritmia como herramienta aplicada a la ilustraci{\'o}n entomol{\'o}gica},
	author={Rafael Mu{\~n}oz Magro},
	year={2013}
}

@article{politecnicacartagena,
	author = {Tomás Rubio, Valentín},
	year = {2015},
	month = {06},
	pages = {},
	title = {Sistema de reconocimiento de matrículas y gestión de acceso en una plataforma embebida},
	volume = {},
	journal = {},
	doi = {}
}

@misc{beanstalkprotocol,
	author = {},
	title = {Beanstalk Protocol},
	howpublished = "url {https://github.com/beanstalkd/beanstalkd/blob/master/doc/protocol.txt}",
	note = {Online; último acceso: 10 marzo 2020}
}

@misc{beanstalkclient,
	author = {},
	title = {Beanstalk Client},
	howpublished = "url {https://github.com/deepfryed/beanstalk-client}",
	note = {Online; último acceso: 10 marzo 2020}
}

@misc{jsoncons,
	author = {},
	title = {JSONCONS},
	howpublished = "url {https://github.com/danielaparker/jsoncons/blob/master/README.md}",
	note = {Online; último acceso: 10 marzo 2020}
}

@misc{alprd,
	author = {},
	title = {OpenALPR Daemon (alprd)},
	howpublished = "url {https://github.com/openalpr/openalpr/wiki/OpenALPR-Daemon-(alprd)}",
	note = {Online; último acceso: 10 marzo 2020}
}

@misc{eclipse,
	author = {},
	title = {The Platform for Open
	Innovation and Collaboration},
	howpublished = "url {https://www.eclipse.org/}",
	note = {Online; último acceso: 18 marzo 2020}
}

@misc{arduinoide,
	author = {},
	title = {Arduino},
	howpublished = "url {https://www.arduino.cc/}",
	note = {Online; último acceso: 18 marzo 2020}
}

@misc{yakinduprincipalpage,
	author = {},
	title = {YAKINDU STATECHART TOOLS
	USE THE POWER OF STATE MACHINES},
	howpublished = "url {https://www.itemis.com/en/yakindu/state-machine/}",
	note = {Online; último acceso: 18 marzo 2020}
}

@misc{yakindustatemachine,
	author = {},
	title = {What is a state machine?},
	howpublished = "url {https://tinyurl.com/wjuo2ro}",
	note = {Online; último acceso: 18 marzo 2020}
}

@misc{yakinduevent-cycle,
	author = {},
	title = {EVENT-DRIVEN VS. CYCLE-BASED EXECUTION},
	howpublished = "url {https://tinyurl.com/wlt6qrh}",
	note = {Online; último acceso: 18 marzo 2020}
}

@misc{mysql,
	author = {},
	title = {Oracle MySQL: The Most Popular Open Source Database},
	howpublished = "url {http://www.oracle.com/us/products/mysql/overview/index.html}",
	note = {Online; último acceso: 20 marzo 2020}
}
